<record><leader>00000cas a22000007a 4500</leader><controlfield tag="001">37137594</controlfield><controlfield tag="008">970617d192u19uucauwr ne      0    0eng d</controlfield><datafield ind1=" " ind2=" " tag="010"><subfield code="a">sn 97060561 </subfield></datafield><datafield ind1=" " ind2=" " tag="040"><subfield code="a">CNK</subfield><subfield code="b">eng</subfield><subfield code="c">CNK</subfield><subfield code="d">OCLCQ</subfield><subfield code="d">OCLCF</subfield><subfield code="d">OCLCO</subfield></datafield><datafield ind1="1" ind2=" " tag="029"><subfield code="a">AU@</subfield><subfield code="b">000013335373</subfield></datafield><datafield ind1=" " ind2=" " tag="042"><subfield code="a">msc</subfield></datafield><datafield ind1=" " ind2=" " tag="043"><subfield code="a">n-us-ca</subfield></datafield><datafield ind1="0" ind2="0" tag="245"><subfield code="a">Burlingame star.</subfield></datafield><datafield ind1=" " ind2=" " tag="260"><subfield code="a">Burlingame, Calif. :</subfield><subfield code="b">E.C. Rodgers</subfield></datafield><datafield ind1=" " ind2=" " tag="300"><subfield code="a">v.</subfield></datafield><datafield ind1=" " ind2=" " tag="310"><subfield code="a">Weekly</subfield></datafield><datafield ind1=" " ind2=" " tag="588"><subfield code="a">Description based on: Vol. 3, no. 5 (Feb. 12, 1925).</subfield></datafield><datafield ind1=" " ind2="0" tag="651"><subfield code="a">Burlingame (Calif.)</subfield><subfield code="v">Newspapers.</subfield></datafield><datafield ind1=" " ind2="7" tag="655"><subfield code="a">Newspapers.</subfield><subfield code="2">fast</subfield><subfield code="0">(OCoLC)fst01423814</subfield></datafield><datafield ind1=" " ind2="7" tag="651"><subfield code="a">California</subfield><subfield code="z">Burlingame.</subfield><subfield code="2">fast</subfield><subfield code="0">(OCoLC)fst01214329</subfield></datafield><datafield ind1=" " ind2=" " tag="752"><subfield code="a">United States</subfield><subfield code="b">California</subfield><subfield code="c">San Mateo</subfield><subfield code="d">Burlingame.</subfield></datafield></record>